<?xml version="1.0" encoding="utf-8"?>
<record xmlns="http://www.loc.gov/MARC21/slim" xmlns:xsi="http://www.w3.org/2001/XMLSchema-instance" xsi:schemaLocation="http://www.loc.gov/MARC21/slim http://www.loc.gov/standards/marcxml/schema/MARC21slim.xsd">
	<leader>     nam a22     Mi 4500</leader>
	<controlfield tag="001">b12501992</controlfield>
	<controlfield tag="003">LeBAU</controlfield>
	<controlfield tag="006">m        d        </controlfield>
	<controlfield tag="007">cr cn |||m|||a</controlfield>
	<controlfield tag="008">200325s1923    ua acf  o     ||1 0 ara d</controlfield>
	<datafield ind1=" " ind2=" " tag="040">
		<subfield code="a">ZYU</subfield>
		<subfield code="b">ara</subfield>
		<subfield code="e">rda</subfield>
		<subfield code="c">ZYU</subfield>
	</datafield>
	<datafield ind1="0" ind2="4" tag="082">
		<subfield code="a">716</subfield>
		<subfield code="2">20</subfield>
	</datafield>
	<datafield ind1="1" ind2=" " tag="100">
		<subfield code="6">880-01</subfield>
		<subfield code="a">Ghannām, ʻAbd al-Ghanī,</subfield>
		<subfield code="e">author.</subfield>
	</datafield>
	<datafield ind1="1" ind2="0" tag="245">
		<subfield code="6">880-02</subfield>
		<subfield code="a">Ḥadāʼiq al-azhār /</subfield>
		<subfield code="c">taʼlīf ʻAbd al-Ghanī Ghannām, khirrīj Madrasat al-Zirāʻah al-ʻUlyā bi-al-Jīzah wa-nāẓir Madrasat al-Zirāʻah al-Mutawassiṭah bi-Damanhūr, wa-ustādh fann filāḥat al-basātīn.</subfield>
	</datafield>
	<datafield ind1=" " ind2="1" tag="264">
		<subfield code="6">880-03</subfield>
		<subfield code="a">[Damanhūr] :</subfield>
		<subfield code="b">Maṭbaʻat Madrasat Damanhūr al-Ṣināʻīyah,</subfield>
		<subfield code="c">1342 H. = 1923 M.</subfield>
	</datafield>
	<datafield ind1=" " ind2=" " tag="300">
		<subfield code="6">880-04</subfield>
		<subfield code="a">online resource (a-b, 361 page, 3 unnumbered leaves of plates) :</subfield>
		<subfield code="b">illustrations, frontispiece</subfield>
	</datafield>
	<datafield ind1=" " ind2=" " tag="336">
		<subfield code="a">text</subfield>
		<subfield code="2">rdacontent</subfield>
	</datafield>
	<datafield ind1=" " ind2=" " tag="337">
		<subfield code="a">computer</subfield>
		<subfield code="2">rdamedia</subfield>
	</datafield>
	<datafield ind1=" " ind2=" " tag="338">
		<subfield code="a">online resource</subfield>
		<subfield code="2">rdacarrier</subfield>
	</datafield>
	<datafield ind1=" " ind2=" " tag="500">
		<subfield code="a">Part of the Arabic Collections Online (ACO) project, contributed by American University of Beirut's Jafet Memorial Library.</subfield>
	</datafield>
	<datafield ind1=" " ind2=" " tag="533">
		<subfield code="a">Electronic reproduction.</subfield>
		<subfield code="b">New York, N.Y. :</subfield>
		<subfield code="c">New York University,</subfield>
		<subfield code="d">2020.</subfield>
		<subfield code="5">NNU</subfield>
	</datafield>
	<datafield ind1=" " ind2="0" tag="650">
		<subfield code="6">880-05</subfield>
		<subfield code="a">Flowers.</subfield>
	</datafield>
	<datafield ind1=" " ind2="0" tag="650">
		<subfield code="6">880-06</subfield>
		<subfield code="a">Flowers</subfield>
		<subfield code="z">Egypt.</subfield>
	</datafield>
	<datafield ind1=" " ind2="0" tag="650">
		<subfield code="6">880-07</subfield>
		<subfield code="a">Landscape gardening</subfield>
		<subfield code="z">Egypt.</subfield>
	</datafield>
	<datafield ind1="2" ind2=" " tag="710">
		<subfield code="a">Jafet Memorial Library.</subfield>
	</datafield>
	<datafield ind1="0" ind2=" " tag="730">
		<subfield code="a">Arabic Collections Online.</subfield>
	</datafield>
	<datafield ind1="0" ind2="8" tag="776">
		<subfield code="i">Print version:</subfield>
		<subfield code="a">Ghannām, ʻAbd al-Ghanī, author.</subfield>
		<subfield code="t">Ḥadāʼiq al-azhār</subfield>
		<subfield code="w">(LeBAU)b12501992</subfield>
	</datafield>
	<datafield ind1="4" ind2="0" tag="856">
		<subfield code="u">http://hdl.handle.net/2333.1/cz8w9s3r</subfield>
	</datafield>
	<datafield ind1="1" ind2=" " tag="880">
		<subfield code="6">100-01</subfield>
		<subfield code="a">غنام، عبد الغني،</subfield>
		<subfield code="e">مؤلف.</subfield>
		<subfield code="4">aut.</subfield>
	</datafield>
	<datafield ind1="1" ind2="0" tag="880">
		<subfield code="6">245-02</subfield>
		<subfield code="a">حدائق الأزهار /</subfield>
		<subfield code="c">تأليف عبد الغني غنام، خريج مدرسة الزراعة العليا بالجيزة وناظر مدرسة الزراعة المتوسطة بدمنهور، وأستاذ فن فلاحة البساتين.</subfield>
	</datafield>
	<datafield ind1=" " ind2="1" tag="880">
		<subfield code="6">264-03</subfield>
		<subfield code="a">[دمنهور] :</subfield>
		<subfield code="b">مطبعة مدرسة دمنهور الصناعية،</subfield>
		<subfield code="c">1342 هـ. = 1923 م.</subfield>
	</datafield>
	<datafield ind1=" " ind2=" " tag="880">
		<subfield code="6">300-04</subfield>
		<subfield code="a">أ-ب، 361 صفحة، 3 ورقات لوحات غير مرقمة :</subfield>
		<subfield code="b">مصورات، صورة شخصانية في الواجهة ؛</subfield>
		<subfield code="c">24 سم</subfield>
	</datafield>
	<datafield ind1="0" ind2=" " tag="880">
		<subfield code="6">505-00</subfield>
		<subfield code="a">حدائق الأزهار: حديقة الأزهار -- دورة الأزهار -- الأزهار الحولية -- الأزهار ذات السنتين -- الأزهار المعمرة -- تكاثر الأزهار -- الخدمة بعد الزرع -- الحصول على التقاوى -- العمال وعملهم في الحديقة -- قطف الأزهار وحفظها -- تفريغ ونقل الشتلة من أصيص إلى أصيص أخرى -- إستخراج الروائح العطرية -- تثبيت الزيوت الطيارة -- تزريب الأزهار -- تلوين الأزهار المقطوفة --تخطيط الحدائق: مقدمة تاريخية -- التخطيط -- تقسيم محيط الدائرة إلى أقسام متساوية -- طريقة رسم شكل نمرة 12 وما يليه من أشكال أحواض الأزهار المختلفة -- الآلات المستعملة في البستان -- الصوبة -- الصناديق الزجاجية -- الأزهار: الأزهار الحولية (الحولية الشتوية والحولية الصيفية) -- الأزهار ذات السنتين -- أزهار ونباتات الزينة المعمرة: نباتات الصوب الورقية الغير مزهرة -- الأعشاب الورقية -- شجيرات وأشجار الزينة الورقية المعمرة -- نباتات الصوب المزهرة المعمرة -- نباتات الزينة الورقية التي تنمو في العراء: الأعشاب (أعشاب الكيناوات -- الأعشاب العطرية -- الأعشاب الورقية التي تزرع داخل الأحواض) -- الشجيرات -- الأشجار -- نباتات الزينة المزهرة التي تنمو في العراء: الأعشاب -- الأبصال الزهرية -- أشهر أنواع الأبصال التي تنمو بمصر بنجاح -- الشجيرات المزهرة المعمرة التي تنمو في العراء -- الورد -- الأشجار المزهرة التي تزرع في العراء -- المسطحات الخضراء: ليبيا -- نجيل -- جازون -- حشيش الجاموس الأمريكاني -- بوتنتلا ريبنز -- المتسلقات -- الأسيجة: الأسيجة الشائكة -- أسيجة الزينة -- مصدات الرياح -- الكيناوات أو الإطارات -- الجبلايات الطبيعية والصناعية والنباتات التي تنمو بها -- نباتات الزينة المائية -- الدوالي أو التعاليق أو نباتات السلال -- طاقات أو باقات الأزهار والأكاليل والكتابة بالزهر أو بأعشاب الكيناوات -- تقويم حدائق الأزهار -- غرائب التبات -- البعث والنشور في النباتات.</subfield>
	</datafield>
	<datafield ind1=" " ind2="4" tag="880">
		<subfield code="6">650-05</subfield>
		<subfield code="a">الأزهار.</subfield>
	</datafield>
	<datafield ind1=" " ind2="4" tag="880">
		<subfield code="6">650-06</subfield>
		<subfield code="a">الأزهار</subfield>
		<subfield code="z">مصر.</subfield>
	</datafield>
	<datafield ind1=" " ind2="4" tag="880">
		<subfield code="6">650-07</subfield>
		<subfield code="a">تنسيق الحدائق</subfield>
		<subfield code="z">مصر.</subfield>
	</datafield>
	<datafield ind1=" " ind2=" " tag="959">
		<subfield code="a">NNU</subfield>
		<subfield code="b">WEB</subfield>
		<subfield code="c">GENI</subfield>
		<subfield code="t">0</subfield>
		<subfield code="m">Electronic access</subfield>
		<subfield code="s">01</subfield>
	</datafield>
	<datafield ind1=" " ind2=" " tag="999">
		<subfield code="i">LeBAU_b12501992</subfield>
		<subfield code="s">aub_aco003670:</subfield>
		<subfield code="e">(ERROR-MISC)</subfield>
		<subfield code="s">aub_aco003670:</subfield>
	</datafield>
</record>
